<record><leader>00000cas a2200000 a 4500</leader><controlfield tag="001">27179347</controlfield><controlfield tag="008">921229d1900190uiluwr ne      0   a0eng c</controlfield><datafield ind1=" " ind2=" " tag="010"><subfield code="a">sn 92053453 </subfield></datafield><datafield ind1=" " ind2=" " tag="040"><subfield code="a">NVF</subfield><subfield code="b">eng</subfield><subfield code="c">NVF</subfield><subfield code="d">OCLCQ</subfield><subfield code="d">NVF</subfield><subfield code="d">OCLCQ</subfield><subfield code="d">OCLCF</subfield><subfield code="d">OCLCO</subfield><subfield code="d">NVF</subfield><subfield code="d">OCLCO</subfield><subfield code="d">OCL</subfield></datafield><datafield ind1=" " ind2=" " tag="042"><subfield code="a">pcc</subfield></datafield><datafield ind1=" " ind2=" " tag="043"><subfield code="a">n-us-il</subfield></datafield><datafield ind1="0" ind2="4" tag="245"><subfield code="a">The Ogle County constitution and independent-Democrat.</subfield></datafield><datafield ind1="3" ind2=" " tag="246"><subfield code="a">Ogle County constitution and independent Democrat</subfield></datafield><datafield ind1=" " ind2=" " tag="260"><subfield code="a">Oregon, Ill. :</subfield><subfield code="b">James Calvert and Richard F. Locke,</subfield><subfield code="c">1900-[190-?]</subfield></datafield><datafield ind1=" " ind2=" " tag="300"><subfield code="a">v.</subfield></datafield><datafield ind1=" " ind2=" " tag="310"><subfield code="a">Weekly</subfield></datafield><datafield ind1="0" ind2=" " tag="362"><subfield code="a">Vol. 35, no. 19 (Oct. 4, 1900)-</subfield></datafield><datafield ind1=" " ind2=" " tag="580"><subfield code="a">Formed by the union of: Independent-Democrat (Oregon, Ill.) and: Ogle County constitution.</subfield></datafield><datafield ind1=" " ind2=" " tag="588"><subfield code="a">Latest issue consulted: Dec. 27, 1900.</subfield></datafield><datafield ind1=" " ind2="0" tag="651"><subfield code="a">Oregon (Ill.)</subfield><subfield code="v">Newspapers.</subfield></datafield><datafield ind1=" " ind2="0" tag="651"><subfield code="a">Ogle County (Ill.)</subfield><subfield code="v">Newspapers.</subfield></datafield><datafield ind1=" " ind2="7" tag="651"><subfield code="a">Illinois</subfield><subfield code="z">Ogle County.</subfield><subfield code="2">fast</subfield><subfield code="0">(OCoLC)fst01210697</subfield></datafield><datafield ind1=" " ind2="7" tag="651"><subfield code="a">Illinois</subfield><subfield code="z">Oregon.</subfield><subfield code="2">fast</subfield><subfield code="0">(OCoLC)fst01221111</subfield></datafield><datafield ind1=" " ind2="7" tag="655"><subfield code="a">Newspapers.</subfield><subfield code="2">fast</subfield><subfield code="0">(OCoLC)fst01423814</subfield></datafield><datafield ind1=" " ind2=" " tag="752"><subfield code="a">United States</subfield><subfield code="b">Illinois</subfield><subfield code="c">Ogle</subfield><subfield code="d">Oregon.</subfield></datafield><datafield ind1="1" ind2="4" tag="780"><subfield code="t">Independent-Democrat (Oregon, Ill.)</subfield><subfield code="w">(DLC)sn 92053450</subfield><subfield code="w">(OCoLC)27179018</subfield></datafield><datafield ind1="1" ind2="4" tag="780"><subfield code="t">Ogle County constitution</subfield><subfield code="w">(DLC)sn 92053452</subfield><subfield code="w">(OCoLC)27179327</subfield></datafield><datafield ind1="0" ind2="0" tag="785"><subfield code="t">Constitution-Democrat (Oregon, Ill.)</subfield><subfield code="w">(DLC)sn 92053454</subfield><subfield code="w">(OCoLC)27179404</subfield></datafield><datafield ind1="1" ind2=" " tag="029"><subfield code="a">AU@</subfield><subfield code="b">000020744426</subfield></datafield></record>